
@inproceedings{liu2012compact,
  title={A compact low-power 3D I/O in 45nm CMOS},
  author={Liu, Yong and Luk, Wing and Friedman, Daniel},
  booktitle={2012 IEEE International Solid-State Circuits Conference},
  pages={142--144},
  year={2012},
  organization={IEEE}
}


@article{patti2014,
  title={2.5 D and 3D Integration Technology Update},
  author={Patti, Robert},
  journal={Additional Papers and Presentations},
  volume={2014},
  number={DPC},
  pages={1--35},
  year={2014},
  publisher={International Microelectronics Assembly and Packaging Society}
}

@ARTICLE{patti2006,
author={R. S. Patti},
journal={Proceedings of the IEEE},
title={Three-Dimensional Integrated Circuits and the Future of System-on-Chip Designs},
year={2006},
volume={94},
number={6},
pages={1214-1224},
keywords={integrated circuit interconnections;system-on-chip;3D integrated circuits;integrated circuit interconnections;system-on-chip design;Capacitance;Computational geometry;Costs;Delay;Integrated circuit interconnections;Random access memory;System-on-a-chip;Three-dimensional integrated circuits;Wire;Wiring;Integrated circuit interconnections;three-dimensional integrated circuits (3-D ICs)},
doi={10.1109/JPROC.2006.873612},
ISSN={0018-9219},
month={June},}

@inproceedings{krizhevsky2012imagenet,
  title={Imagenet classification with deep convolutional neural networks},
  author={Krizhevsky, Alex and Sutskever, Ilya and Hinton, Geoffrey E},
  booktitle={Advances in neural information processing systems},
  pages={1097--1105},
  year={2012}
}

@misc{krizhevsky2012imagenetPreso,
  title = {ImageNet Classification with Deep Convolutional Neural Networks},
  author={Krizhevsky, Alex and Sutskever, Ilya and Hinton, Geoffrey E},
  howpublished = {\url{http://image-net.org/challenges/LSVRC/2012/supervision.pdf}},
  note = {Accessed: 2016-08-30}
}

@article{galal2011energy,
  title={Energy-efficient floating-point unit design},
  author={Galal, Sameh and Horowitz, Mark},
  journal={IEEE Transactions on Computers},
  volume={60},
  number={7},
  pages={913--922},
  year={2011},
  publisher={IEEE}
}


@manual{schabel2014energy,
  title={Predictive energy-Per-Op scaling for exploring the design space},
  author={Schabel, Joshua and Park, Jong Beom and Davis, Rhett William and Franzon, Paul D.},
  year={2014},
  organization={ECE Dept., North Carolina State University, Box 7911, Raleigh},
  address={Box 7911, Raleigh, NC, 27695-7911}
}

@manual{park2015data,
  title={Three-Dimensional DRAM Area, Timing and Energy Model},
  author={Park, Jong Beom},
  year={2015},
  organization={ECE Dept., North Carolina State University, Box 7911, Raleigh},
  address={Box 7911, Raleigh, NC, 27695-7911}
}

@manual{tezzaron:diram4,
    organization  = "Tezzaron Semiconductor",
    title         = "DiRAM4-64Cxx Cached Memory Subsystem",
    number        = "",
    year          =  2015,
    month         =  "July",    
    note          = "Rev. 0.04"
}

@article{qiu2013parallel,
  title={A parallel neuromorphic text recognition system and its implementation on a heterogeneous high-performance computing cluster},
  author={Qiu, Qinru and Wu, Qing and Bishop, Morgan and Pino, Robinson E and Linderman, Richard W},
  journal={IEEE Transactions on Computers},
  volume={62},
  number={5},
  pages={886--899},
  year={2013},
  publisher={IEEE}
}

@article{maddison2014move,
  title={Move evaluation in go using deep convolutional neural networks},
  author={Maddison, Chris J and Huang, Aja and Sutskever, Ilya and Silver, David},
  journal={arXiv preprint arXiv:1412.6564},
  year={2014}
}

@article{mnih2013playing,
  title={Playing atari with deep reinforcement learning},
  author={Mnih, Volodymyr and Kavukcuoglu, Koray and Silver, David and Graves, Alex and Antonoglou, Ioannis and Wierstra, Daan and Riedmiller, Martin},
  journal={arXiv preprint arXiv:1312.5602},
  year={2013}
}

@article{bojarski2016end,
  title={End to End Learning for Self-Driving Cars},
  author={Bojarski, Mariusz and Del Testa, Davide and Dworakowski, Daniel and Firner, Bernhard and Flepp, Beat and Goyal, Prasoon and Jackel, Lawrence D and Monfort, Mathew and Muller, Urs and Zhang, Jiakai and others},
  journal={arXiv preprint arXiv:1604.07316},
  year={2016}
}

@article{lillo1994synthesis,
  title={Synthesis of Brain-State-in-a-Box (BSB) based associative memories},
  author={Lillo, Walter E and Miller, David C and Hui, Stefen and Zak, Stanislaw H},
  journal={IEEE transactions on Neural Networks},
  volume={5},
  number={5},
  pages={730--737},
  year={1994},
  publisher={IEEE}
}

@inproceedings{esmaeilzadeh2005nnsp,
  title={NnSP: embedded neural networks stream processor},
  author={Esmaeilzadeh, Hadi and Farzan, Farhang and Shahidi, Neda and Fakhraie, SM and Lucas, Caro and Tehranipoor, Mohammad},
  booktitle={48th Midwest Symposium on Circuits and Systems, 2005.},
  pages={223--226},
  year={2005},
  organization={IEEE}
}

@inproceedings{kim2016neurocube,
  title={Neurocube: A Programmable Digital Neuromorphic Architecture with High-Density 3D Memory},
  author={Kim, Duckhwan and Kung, JH and Chai, Sek and Yalamanchili, Sudhakar and Mukhopadhyay, Saibal},
  booktitle={Proceedings of ISCA},
  volume={43},
  year={2016}
}

@article{kyo2011imapcar,
  title={IMAPCAR: A 100 GOPS in-vehicle vision processor based on 128 ring connected four-way VLIW processing elements},
  author={Kyo, Shorin and Okazaki, Shinâ€™ichiro},
  journal={Journal of Signal Processing Systems},
  volume={62},
  number={1},
  pages={5--16},
  year={2011},
  publisher={Springer}
}

@inproceedings{farabet2011neuflow,
  title={Neuflow: A runtime reconfigurable dataflow processor for vision},
  author={Farabet, Cl{\'e}ment and Martini, Berin and Corda, Benoit and Akselrod, Polina and Culurciello, Eugenio and LeCun, Yann},
  booktitle={Cvpr 2011 Workshops},
  pages={109--116},
  year={2011},
  organization={IEEE}
}

@inproceedings{gokhale2014240,
  title={A 240 g-ops/s mobile coprocessor for deep neural networks},
  author={Gokhale, Vinayak and Jin, Jonghoon and Dundar, Aysegul and Martini, Berin and Culurciello, Eugenio},
  booktitle={Proceedings of the IEEE Conference on Computer Vision and Pattern Recognition Workshops},
  pages={682--687},
  year={2014}
}

@inproceedings{chen2014diannao,
  title={Diannao: A small-footprint high-throughput accelerator for ubiquitous machine-learning},
  author={Chen, Tianshi and Du, Zidong and Sun, Ninghui and Wang, Jia and Wu, Chengyong and Chen, Yunji and Temam, Olivier},
  booktitle={ACM Sigplan Notices},
  volume={49},
  number={4},
  pages={269--284},
  year={2014},
  organization={ACM}
}

@inproceedings{chen201614,
  title={14.5 Eyeriss: An energy-efficient reconfigurable accelerator for deep convolutional neural networks},
  author={Chen, Yu-Hsin and Krishna, Tushar and Emer, Joel and Sze, Vivienne},
  booktitle={2016 IEEE International Solid-State Circuits Conference (ISSCC)},
  pages={262--263},
  year={2016},
  organization={IEEE}
}


@manual{afrl_cortical, 
    organization  = "North Carolina State University",
    title         = "Hardware Acceleration of Sparse Cognitive Algorithms",
    author        = {Franzon, Paul D. and Baker, Lee and Dey, Sumon and Li, Weifu and Schabel, Joshua},
    number        = "FA8650-15-7518",
    year          =  2016,
    month         =  "March",    
    note          = "AFRL"
}


@misc{techpowerupteslak20c,
  title = {NVidia Tesla K20c},
  author={Techpowerup},
  howpublished = {\url{https://www.techpowerup.com/gpudb/564/tesla-k20c}},
  note = {Accessed: 2016-09-08}
}

@misc{wccftechpascal,
  title = {Nvidia : Pascal Is 10x Faster Than Maxwell},
  author={WCCF Tech},
  howpublished = {\url{http://wccftech.com/nvidia-pascal-gpu-gtc-2015/}},
  note = {Accessed: 2016-09-08}
}

@misc{tensorflow2015-whitepaper,
title={{TensorFlow}: Large-Scale Machine Learning on Heterogeneous Systems},
url={http://tensorflow.org/},
note={Software available from tensorflow.org},
author={
    Mart\'{\i}n~Abadi and
    Ashish~Agarwal and
    Paul~Barham and
    Eugene~Brevdo and
    Zhifeng~Chen and
    Craig~Citro and
    Greg~S.~Corrado and
    Andy~Davis and
    Jeffrey~Dean and
    Matthieu~Devin and
    Sanjay~Ghemawat and
    Ian~Goodfellow and
    Andrew~Harp and
    Geoffrey~Irving and
    Michael~Isard and
    Yangqing Jia and
    Rafal~Jozefowicz and
    Lukasz~Kaiser and
    Manjunath~Kudlur and
    Josh~Levenberg and
    Dan~Man\'{e} and
    Rajat~Monga and
    Sherry~Moore and
    Derek~Murray and
    Chris~Olah and
    Mike~Schuster and
    Jonathon~Shlens and
    Benoit~Steiner and
    Ilya~Sutskever and
    Kunal~Talwar and
    Paul~Tucker and
    Vincent~Vanhoucke and
    Vijay~Vasudevan and
    Fernanda~Vi\'{e}gas and
    Oriol~Vinyals and
    Pete~Warden and
    Martin~Wattenberg and
    Martin~Wicke and
    Yuan~Yu and
    Xiaoqiang~Zheng},
  year={2015},
}


@article{lecun1989bp,
	Annote = {doi: 10.1162/neco.1989.1.4.541},
	Author = {LeCun, Y. and Boser, B. and Denker, J. S. and Henderson, D. and Howard, R. E. and Hubbard, W. and Jackel, L. D.},
	Booktitle = {Neural Computation},
	Da = {1989/12/01},
	Date = {1989/12/01},
	Date-Added = {2016-09-21 14:12:43 +0000},
	Date-Modified = {2016-09-21 14:12:43 +0000},
	Doi = {10.1162/neco.1989.1.4.541},
	Isbn = {0899-7667},
	Journal = {Neural Computation},
	Journal1 = {Neural Computation},
	M3 = {doi: 10.1162/neco.1989.1.4.541},
	Month = {2016/09/21},
	Number = {4},
	Pages = {541--551},
	Publisher = {MIT Press},
	Title = {Backpropagation Applied to Handwritten Zip Code Recognition},
	Ty = {JOUR},
	Url = {http://dx.doi.org/10.1162/neco.1989.1.4.541},
	Volume = {1},
	Year = {1989},
	Year1 = {1989},
	Bdsk-Url-1 = {http://dx.doi.org/10.1162/neco.1989.1.4.541}
}

@InProceedings{Taigman_2014_CVPR,
author = {Taigman, Yaniv and Yang, Ming and Ranzato, Marc'Aurelio and Wolf, Lior},
title = {DeepFace: Closing the Gap to Human-Level Performance in Face Verification},
booktitle = {The IEEE Conference on Computer Vision and Pattern Recognition (CVPR)},
month = {June},
year = {2014}
}

@article{tsai2008design,
  title={Design space exploration for 3-D cache},
  author={Tsai, Yuh-Fang and Wang, Feng and Xie, Yuan and Vijaykrishnan, Narayanan and Irwin, Mary Jane},
  journal={IEEE Transactions on Very Large Scale Integration (VLSI) Systems},
  volume={16},
  number={4},
  pages={444--455},
  year={2008},
  publisher={IEEE}
}

@article{Hunter:2007,
  Author    = {Hunter, J. D.},
  Title     = {Matplotlib: A 2D graphics environment},
  Journal   = {Computing In Science \& Engineering},
  Volume    = {9},
  Number    = {3},
  Pages     = {90--95},
  abstract  = {Matplotlib is a 2D graphics package used for Python
  for application development, interactive scripting, and
  publication-quality image generation across user
  interfaces and operating systems.},
  publisher = {IEEE COMPUTER SOC},
  doi = {10.1109/MCSE.2007.55},
  year      = 2007
}

@article{jouppi2017datacenter,
  title={In-datacenter performance analysis of a tensor processing unit},
  author={Jouppi, Norman P and Young, Cliff and Patil, Nishant and Patterson, David and Agrawal, Gaurav and Bajwa, Raminder and Bates, Sarah and Bhatia, Suresh and Boden, Nan and Borchers, Al and others},
  journal={arXiv preprint arXiv:1704.04760},
  year={2017}
}

@ARTICLE{5604678,
author={G. Van der Plas and P. Limaye and I. Loi and A. Mercha and H. Oprins and C. Torregiani and S. Thijs and D. Linten and M. Stucchi and G. Katti and D. Velenis and V. Cherman and B. Vandevelde and V. Simons and I. De Wolf and R. Labie and D. Perry and S. Bronckers and N. Minas and M. Cupac and W. Ruythooren and J. Van Olmen and A. Phommahaxay and M. de Potter de ten Broeck and A. Opdebeeck and M. Rakowski and B. De Wachter and M. Dehan and M. Nelis and R. Agarwal and A. Pullini and F. Angiolini and L. Benini and W. Dehaene and Y. Travaly and E. Beyne and P. Marchal},
journal={IEEE Journal of Solid-State Circuits},
title={Design Issues and Considerations for Low-Cost 3-D TSV IC Technology},
year={2011},
volume={46},
number={1},
pages={293-307},
keywords={MIS devices;circuit layout;electrostatic discharge;integrated circuit design;integrated circuit interconnections;integrated circuit reliability;network-on-chip;three-dimensional integrated circuits;3D Cu-TSV technology;3D SoC;3D TSV IC technology;3D chip stacks;3D chip-stack;3D network-on-chip;BEOL interconnect reliability;ESD monitoring;MOS devices;RC model;TSV stress;design issues;digital circuit performance;digital gates;mixed signal system performance;noise coupling;thermal floorplanning;thermal hot spot;Arrays;Capacitance;Copper;Electrostatic discharge;Reliability;Stacking;Through-silicon vias;3-D;CU TSV;ESD;mechanical stress;network-on-chip;noise coupling;thermal behavior},
doi={10.1109/JSSC.2010.2074070},
ISSN={0018-9200},
month={Jan},}

@ARTICLE{Iz2005,
author={E. M. Izhikevich},
journal={IEEE Transactions on Neural Networks},
title={Which model to use for cortical spiking neurons?},
year={2004},
volume={15},
number={5},
pages={1063-1070},
keywords={neural nets;neurophysiology;biological plausibility;bursting neurons;computational efficiency;cortical neural networks;cortical spiking neurons;Artificial neural networks;Biological neural networks;Biological system modeling;Computational efficiency;Computational modeling;Fires;Frequency;Information processing;Large-scale systems;Neurons;Action Potentials;Animals;Cerebral Cortex;Humans;Models, Neurological;Nerve Net;Neural Pathways;Neurons;Nonlinear Dynamics;Reaction Time;Synapses;Synaptic Transmission},
doi={10.1109/TNN.2004.832719},
ISSN={1045-9227},
month={Sept},}

@INPROCEEDINGS{Kim2016,
author={S. W. Kim and M. Detalle and L. Peng and P. Nolmans and N. Heylen and D. Velenis and A. Miller and G. Beyer and E. Beyne},
booktitle={2016 IEEE 66th Electronic Components and Technology Conference (ECTC)},
title={Ultra-Fine Pitch 3D Integration Using Face-to-Face Hybrid Wafer Bonding Combined with a Via-Middle Through-Silicon-Via Process},
year={2016},
volume={},
number={},
pages={1179-1185},
keywords={annealing;chemical mechanical polishing;copper;dielectric materials;integrated circuit interconnections;three-dimensional integrated circuits;wafer bonding;Î¼bump interconnect;CMP process;Cu;TSV;chemical-mechanical-polishing process;copper damascene patterned surface bonding;dielectric bonding;dielectric damascene surface;face-to-face hybrid wafer bonding;hybrid W2W bonding;hybrid wafer-to-wafer bonding;interconnect density;prebonding wafer treatment;size 1.8 mum;size 3.6 mum;size 30 mm;size 5 mum;temperature 250 C;temperature anneal;ultrafine pitch 3D integration;via-middle through-silicon-via process;void-free room temperature bonding;Bonding;Dielectrics;Stacking;Surface topography;Surface treatment;Through-silicon vias;Wafer bonding;3D integration;TSV;hybrid wafer bonding;low temperature bonding;wafer level stacking;wafer to wafer bonding},
doi={10.1109/ECTC.2016.205},
ISSN={},
month={May},}

@misc{itrs2015_interconn,
title={International Technology Roadmap for Semiconductors 2.0},
url={http://www.itrs2.net/itrs-reports.html},
author={ITRS},
  year={2015},
}

